@article{Denef:2009kn,
      author         = "Denef, Frederik and Hartnoll, Sean A. and Sachdev, Subir",
      title          = "{Black hole determinants and quasinormal modes}",
      journal        = "Class.Quant.Grav.",
      volume         = "27",
      pages          = "125001",
      doi            = "10.1088/0264-9381/27/12/125001",
      year           = "2010",
      eprint         = "0908.2657",
      archivePrefix  = "arXiv",
      primaryClass   = "hep-th",
      reportNumber   = "NSF-KITP-09-145",
      SLACcitation   = "%%CITATION = ARXIV:0908.2657;%%",
}
@article{Hawking:1976ja,
      author         = "Hawking, S.W.",
      title          = "{Zeta Function Regularization of Path Integrals in Curved
                        Space-Time}",
      journal        = "Commun.Math.Phys.",
      volume         = "55",
      pages          = "133",
      doi            = "10.1007/BF01626516",
      year           = "1977",
      reportNumber   = "PRINT-77-0293 (CAMBRIDGE)",
      SLACcitation   = "%%CITATION = CMPHA,55,133;%%",
}
@article{Gibbons:1978ac,
      author         = "Gibbons, G.W. and Hawking, S.W. and Perry, M.J.",
      title          = "{Path Integrals and the Indefiniteness of the
                        Gravitational Action}",
      journal        = "Nucl.Phys.",
      volume         = "B138",
      pages          = "141",
      doi            = "10.1016/0550-3213(78)90161-X",
      year           = "1978",
      reportNumber   = "PRINT-78-0375 (CAMBRIDGE)",
      SLACcitation   = "%%CITATION = NUPHA,B138,141;%%",
}
@article{Gross:1982cv,
      author         = "Gross, D.J. and Perry, M.J. and Yaffe, L.G.",
      title          = "{Instability of Flat Space at Finite Temperature}",
      journal        = "Phys.Rev.",
      volume         = "D25",
      pages          = "330-355",
      doi            = "10.1103/PhysRevD.25.330",
      year           = "1982",
      SLACcitation   = "%%CITATION = PHRVA,D25,330;%%",
}
@article{Emparan:2014jca,
      author         = "Emparan, Roberto and Suzuki, Ryotaku and Tanabe, Kentaro",
      title          = "{Instability of rotating black holes: large D analysis}",
      journal        = "JHEP",
      volume         = "1406",
      pages          = "106",
      doi            = "10.1007/JHEP06(2014)106",
      year           = "2014",
      eprint         = "1402.6215",
      archivePrefix  = "arXiv",
      primaryClass   = "hep-th",
      SLACcitation   = "%%CITATION = ARXIV:1402.6215;%%",
}
@article{Emparan:2014cia,
      author         = "Emparan, Roberto and Tanabe, Kentaro",
      title          = "{Universal quasinormal modes of large D black holes}",
      journal        = "Phys.Rev.",
      volume         = "D89",
      pages          = "064028",
      doi            = "10.1103/PhysRevD.89.064028",
      year           = "2014",
      eprint         = "1401.1957",
      archivePrefix  = "arXiv",
      primaryClass   = "hep-th",
      SLACcitation   = "%%CITATION = ARXIV:1401.1957;%%",
}
@article{Emparan:2013xia,
      author         = "Emparan, Roberto and Grumiller, Daniel and Tanabe,
                        Kentaro",
      title          = "{Large-D gravity and low-D strings}",
      journal        = "Phys.Rev.Lett.",
      number         = "25",
      volume         = "110",
      pages          = "251102",
      doi            = "10.1103/PhysRevLett.110.251102",
      year           = "2013",
      eprint         = "1303.1995",
      archivePrefix  = "arXiv",
      primaryClass   = "hep-th",
      reportNumber   = "TUW-13-04",
      SLACcitation   = "%%CITATION = ARXIV:1303.1995;%%",
}
@article{Emparan:2013moa,
      author         = "Emparan, Roberto and Suzuki, Ryotaku and Tanabe, Kentaro",
      title          = "{The large D limit of General Relativity}",
      journal        = "JHEP",
      volume         = "1306",
      pages          = "009",
      doi            = "10.1007/JHEP06(2013)009",
      year           = "2013",
      eprint         = "1302.6382",
      archivePrefix  = "arXiv",
      primaryClass   = "hep-th",
      SLACcitation   = "%%CITATION = ARXIV:1302.6382;%%",
}
@article{Emparan:2014aba,
      author         = "Emparan, Roberto and Suzuki, Ryotaku and Tanabe, Kentaro",
      title          = "{Decoupling and non-decoupling dynamics of large $D$
                        black holes}",
      journal        = "JHEP",
      volume         = "1407",
      pages          = "113",
      doi            = "10.1007/JHEP07(2014)113",
      year           = "2014",
      eprint         = "1406.1258",
      archivePrefix  = "arXiv",
      primaryClass   = "hep-th",
      reportNumber   = "YITP-14-45, KEK-TH-1741",
      SLACcitation   = "%%CITATION = ARXIV:1406.1258;%%",
}
@article{Emparan:1999gf,
      author         = "Emparan, Roberto",
      title          = "{AdS / CFT duals of topological black holes and the
                        entropy of zero energy states}",
      journal        = "JHEP",
      volume         = "9906",
      pages          = "036",
      doi            = "10.1088/1126-6708/1999/06/036",
      year           = "1999",
      eprint         = "hep-th/9906040",
      archivePrefix  = "arXiv",
      primaryClass   = "hep-th",
      reportNumber   = "DTP-99-37, EHU-FT-9909",
      SLACcitation   = "%%CITATION = HEP-TH/9906040;%%",
}
@article{Camporesi:1994ga,
      author         = "Camporesi, R. and Higuchi, A.",
      title          = "{Spectral functions and zeta functions in hyperbolic
                        spaces}",
      journal        = "J.Math.Phys.",
      volume         = "35",
      pages          = "4217-4246",
      doi            = "10.1063/1.530850",
      year           = "1994",
      SLACcitation   = "%%CITATION = JMAPA,35,4217;%%",
}
@article{Camporesi:1991nw,
      author         = "Camporesi, R.",
      title          = "{zeta function regularization of one loop effective
                        potentials in anti-de Sitter space-time}",
      journal        = "Phys.Rev.",
      volume         = "D43",
      pages          = "3958-3965",
      doi            = "10.1103/PhysRevD.43.3958",
      year           = "1991",
      SLACcitation   = "%%CITATION = PHRVA,D43,3958;%%",
}
@article{Giombi:2008vd,
      author         = "Giombi, Simone and Maloney, Alexander and Yin, Xi",
      title          = "{One-loop Partition Functions of 3D Gravity}",
      journal        = "JHEP",
      volume         = "0808",
      pages          = "007",
      doi            = "10.1088/1126-6708/2008/08/007",
      year           = "2008",
      eprint         = "0804.1773",
      archivePrefix  = "arXiv",
      primaryClass   = "hep-th",
      SLACcitation   = "%%CITATION = ARXIV:0804.1773;%%",
}
@article{Giombi:2008vd,
      author         = "Giombi, Simone and Maloney, Alexander and Yin, Xi",
      title          = "{One-loop Partition Functions of 3D Gravity}",
      journal        = "JHEP",
      volume         = "0808",
      pages          = "007",
      doi            = "10.1088/1126-6708/2008/08/007",
      year           = "2008",
      eprint         = "0804.1773",
      archivePrefix  = "arXiv",
      primaryClass   = "hep-th",
      SLACcitation   = "%%CITATION = ARXIV:0804.1773;%%",
}
@article{Belin:2014lea,
      author         = "Belin, Alexandre and Maloney, Alexander",
      title          = "{A New Instability of the Topological black hole}",
      year           = "2014",
      eprint         = "1412.0280",
      archivePrefix  = "arXiv",
      primaryClass   = "hep-th",
      SLACcitation   = "%%CITATION = ARXIV:1412.0280;%%",
}
